@book{
  Boczko:2012:IAI:2331376,
  author = {Boczko, Tony},
  title = {Introduction to Accounting Information Systems},
  year = {2012},
  isbn = {0273739387, 9780273739388},
  publisher = {Pearson Custom Publishing},
} 
